<?xml version="1.0"?>
<marc:collection xmlns:marc="http://www.loc.gov/MARC21/slim" xmlns:xsi="http://www.w3.org/2001/XMLSchema-instance" xsi:schemaLocation="http://www.loc.gov/MARC21/slim http://www.loc.gov/standards/marcxml/schema/MARC21slim.xsd">
   <marc:record type="Bibliographic">
      <marc:leader>03741cam a2200493 a 4500</marc:leader>
      <marc:controlfield tag="001">400395</marc:controlfield>
      <marc:controlfield tag="003">NjP</marc:controlfield>
      <marc:controlfield tag="005">20130515164240.0</marc:controlfield>
      <marc:controlfield tag="008">870928r19801939ir            000 0 ara d</marc:controlfield>
      <marc:datafield tag="024" ind1="7" ind2=" ">
         <marc:subfield code="a">princeton_aco000023</marc:subfield>
         <marc:subfield code="2">local</marc:subfield>
      </marc:datafield>
      <marc:datafield tag="035" ind1=" " ind2=" ">
         <marc:subfield code="a">(OCoLC)ocn175646182</marc:subfield>
      </marc:datafield>
      <marc:datafield tag="035" ind1=" " ind2=" ">
         <marc:subfield code="a">(OCoLC)175646182</marc:subfield>
      </marc:datafield>
      <marc:datafield tag="035" ind1=" " ind2=" ">
         <marc:subfield code="a">(CStRLIN)NJPG87-B47466</marc:subfield>
      </marc:datafield>
      <marc:datafield tag="035" ind1=" " ind2=" ">
         <marc:subfield code="9">ABX5892TS</marc:subfield>
      </marc:datafield>
      <marc:datafield tag="035" ind1=" " ind2=" ">
         <marc:subfield code="a">(NjP)400395</marc:subfield>
      </marc:datafield>
      <marc:datafield tag="040" ind1=" " ind2=" ">
         <marc:subfield code="a">PUL</marc:subfield>
         <marc:subfield code="c">PUL</marc:subfield>
         <marc:subfield code="d">PUL</marc:subfield>
      </marc:datafield>
      <marc:datafield tag="049" ind1=" " ind2=" ">
         <marc:subfield code="a">PULL</marc:subfield>
      </marc:datafield>
      <marc:datafield tag="079" ind1=" " ind2=" ">
         <marc:subfield code="a">ocm25342296</marc:subfield>
      </marc:datafield>
      <marc:datafield tag="100" ind1="1" ind2=" ">
         <marc:subfield code="6">880-01</marc:subfield>
         <marc:subfield code="a">Suja&#x304;&#x2BB;i&#x304;, Ah&#x323;mad ibn Ah&#x323;mad,</marc:subfield>
         <marc:subfield code="d">d. 1783?</marc:subfield>
      </marc:datafield>
      <marc:datafield tag="245" ind1="1" ind2="0">
         <marc:subfield code="6">880-02</marc:subfield>
         <marc:subfield code="a">H&#x323;a&#x304;shiyat al-&#x2BB;alla&#x304;mah al-fa&#x304;d&#x323;il, mashku&#x304;r al-masa&#x304;&#x2BB;i&#x304; Ah&#x323;mad ibn Ah&#x323;mad al-Suja&#x304;&#x2BB;i&#x304;, al-mutawaffa&#x301; sanat 1197 H &#x2BB;ala&#x301; Sharh&#x323; Jama&#x304;l al-Di&#x304;n Abi&#x304; Muh&#x323;ammad &#x2BB;Abd Alla&#x304;h ibn Yu&#x304;suf ibn Hisha&#x304;m al-Ans&#x323;a&#x304;ri&#x304; li-muqaddimatihi Qat&#x323;r al-nada&#x301; wa-ball al-s&#x323;ada&#x301;.  Wa-bi-al-ha&#x304;mish al-Sharh&#x323; al-madhku&#x304;r ma&#x2BB;a ba&#x2BB;d&#x323; taqri&#x304;ra&#x304;t &#x2BB;ala&#x301; al-H&#x323;a&#x304;shiyah / li-Shams al-Di&#x304;n Muh&#x323;ammad al-Anba&#x304;bi&#x304;.</marc:subfield>
      </marc:datafield>
      <marc:datafield tag="250" ind1=" " ind2=" ">
         <marc:subfield code="6">880-03</marc:subfield>
         <marc:subfield code="a">al-T&#x323;ab&#x2BB;ah al-akhi&#x304;rah.</marc:subfield>
      </marc:datafield>
      <marc:datafield tag="260" ind1=" " ind2=" ">
         <marc:subfield code="6">880-04</marc:subfield>
         <marc:subfield code="a">Qum, I&#x304;ra&#x304;n :</marc:subfield>
         <marc:subfield code="b">al-Rad&#x323;i&#x304;,</marc:subfield>
         <marc:subfield code="c">[198-]</marc:subfield>
      </marc:datafield>
      <marc:datafield tag="300" ind1=" " ind2=" ">
         <marc:subfield code="a">132 p. ;</marc:subfield>
         <marc:subfield code="c">23 cm.</marc:subfield>
      </marc:datafield>
      <marc:datafield tag="534" ind1=" " ind2=" ">
         <marc:subfield code="6">880-05</marc:subfield>
         <marc:subfield code="p">Reprint. Originally published:</marc:subfield>
         <marc:subfield code="c">al-Qa&#x304;hirah, Mis&#x323;r : Mat&#x323;ba&#x2BB;at Mus&#x323;t&#x323;afa&#x301; al-Ba&#x304;bi&#x304; al-H&#x323;alabi&#x304;, 1939.</marc:subfield>
      </marc:datafield>
      <marc:datafield tag="600" ind1="1" ind2="0">
         <marc:subfield code="6">880-06</marc:subfield>
         <marc:subfield code="a">Ibn Hisha&#x304;m, &#x2BB;Abd Alla&#x304;h ibn Yu&#x304;suf,</marc:subfield>
         <marc:subfield code="d">1309-1360.</marc:subfield>
         <marc:subfield code="t">Qat&#x323;r al-nada&#x301; wa-ball al-s&#x323;ada&#x301;.</marc:subfield>
      </marc:datafield>
      <marc:datafield tag="600" ind1="1" ind2="0">
         <marc:subfield code="6">880-07</marc:subfield>
         <marc:subfield code="a">Anba&#x304;bi&#x304;, Muh&#x323;ammad ibn Muh&#x323;ammad,</marc:subfield>
         <marc:subfield code="d">1824 or 1825-1895 or 1896.</marc:subfield>
         <marc:subfield code="t">Taqri&#x304;r &#x2BB;ala&#x301; H&#x323;a&#x304;shiyat al-Suja&#x304;&#x2BB;i&#x304; &#x2BB;ala&#x301; Sharh&#x323; al-Qat&#x323;r li-Ibn Hisha&#x304;m.</marc:subfield>
      </marc:datafield>
      <marc:datafield tag="650" ind1=" " ind2="0">
         <marc:subfield code="a">Arabic language</marc:subfield>
         <marc:subfield code="x">Grammar</marc:subfield>
         <marc:subfield code="x">Early works to 1800.</marc:subfield>
      </marc:datafield>
      <marc:datafield tag="700" ind1="1" ind2="2">
         <marc:subfield code="6">880-08</marc:subfield>
         <marc:subfield code="a">Anba&#x304;bi&#x304;, Muh&#x323;ammad ibn Muh&#x323;ammad,</marc:subfield>
         <marc:subfield code="d">1824 or 1825-1895 or 1896.</marc:subfield>
         <marc:subfield code="t">Taqri&#x304;r &#x2BB;ala&#x301; H&#x323;a&#x304;shiyat al-Suja&#x304;&#x2BB;i&#x304; &#x2BB;ala&#x301; Sharh&#x323; al-Qat&#x323;r li-Ibn Hisha&#x304;m.</marc:subfield>
         <marc:subfield code="f">1980.</marc:subfield>
      </marc:datafield>
      <marc:datafield tag="740" ind1="0" ind2=" ">
         <marc:subfield code="6">880-09</marc:subfield>
         <marc:subfield code="a">Taqri&#x304;r &#x2BB;ala&#x301; H&#x323;a&#x304;shiyat al-Suja&#x304;&#x2BB;i&#x304; &#x2BB;ala&#x301; Sharh&#x323; al-Qat&#x323;r li-Ibn Hisha&#x304;m.</marc:subfield>
      </marc:datafield>
      <marc:datafield tag="740" ind1="0" ind2=" ">
         <marc:subfield code="6">880-10</marc:subfield>
         <marc:subfield code="a">H&#x323;a&#x304;shiyah &#x2BB;ala&#x301; sharh&#x323; Jama&#x304;l al-Di&#x304;n Abi&#x304; Muh&#x323;ammad &#x2BB;Abd Alla&#x304;h ...</marc:subfield>
      </marc:datafield>
      <marc:datafield tag="880" ind1="1" ind2=" ">
         <marc:subfield code="6">100-01/r</marc:subfield>
         <marc:subfield code="a">&#x633;&#x62C;&#x627;&#x639;&#x64A;&#x60C; &#x627;&#x62D;&#x645;&#x62F; &#x628;&#x646; &#x627;&#x62D;&#x645;&#x62F;&#x60C;</marc:subfield>
         <marc:subfield code="d">d. 1783&#x61F;</marc:subfield>
      </marc:datafield>
      <marc:datafield tag="880" ind1="1" ind2="0">
         <marc:subfield code="6">245-02/r</marc:subfield>
         <marc:subfield code="a">&#x62D;&#x627;&#x634;&#x64A;&#x629; &#x627;&#x644;&#x639;&#x644;&#x627;&#x645;&#x629; &#x627;&#x644;&#x641;&#x627;&#x636;&#x644;&#x60C; &#x645;&#x634;&#x643;&#x648;&#x631; &#x627;&#x644;&#x645;&#x633;&#x627;&#x639;&#x64A; &#x627;&#x62D;&#x645;&#x62F; &#x628;&#x646; &#x627;&#x62D;&#x645;&#x62F; &#x627;&#x644;&#x633;&#x62C;&#x627;&#x639;&#x64A;&#x60C; &#x627;&#x644;&#x645;&#x62A;&#x648;&#x641;&#x649; &#x633;&#x646;&#x629; 1197 &#x647; &#x639;&#x644;&#x649; &#x634;&#x631;&#x62D; &#x62C;&#x645;&#x627;&#x644; &#x627;&#x644;&#x62F;&#x64A;&#x646; &#x627;&#x628;&#x64A; &#x645;&#x62D;&#x645;&#x62F; &#x639;&#x628;&#x62F; &#x627;&#x644;&#x644;&#x647; &#x628;&#x646; &#x64A;&#x648;&#x633;&#x641; &#x628;&#x646; &#x647;&#x634;&#x627;&#x645; &#x627;&#x644;&#x627;&#x646;&#x635;&#x627;&#x631;&#x64A; &#x644;&#x645;&#x642;&#x62F;&#x645;&#x62A;&#x647; &#x642;&#x637;&#x631; &#x627;&#x644;&#x646;&#x62F;&#x649; &#x648;&#x628;&#x644; &#x627;&#x644;&#x635;&#x62F;&#x649;.  &#x648;&#x628;&#x627;&#x644;&#x647;&#x627;&#x645;&#x634; &#x627;&#x644;&#x634;&#x631;&#x62D; &#x627;&#x644;&#x645;&#x630;&#x643;&#x648;&#x631; &#x645;&#x639; &#x628;&#x639;&#x636; &#x62A;&#x642;&#x631;&#x64A;&#x631;&#x627;&#x62A; &#x639;&#x644;&#x649; &#x627;&#x644;&#x62D;&#x627;&#x634;&#x64A;&#x629; / &#x644;&#x634;&#x645;&#x633; &#x627;&#x644;&#x62F;&#x64A;&#x646; &#x645;&#x62D;&#x645;&#x62F; &#x627;&#x644;&#x627;&#x646;&#x628;&#x627;&#x628;&#x64A;.</marc:subfield>
      </marc:datafield>
      <marc:datafield tag="880" ind1=" " ind2=" ">
         <marc:subfield code="6">250-03/r</marc:subfield>
         <marc:subfield code="a">&#x627;&#x644;&#x637;&#x628;&#x639;&#x629; &#x627;&#x644;&#x627;&#x62E;&#x64A;&#x631;&#x629;.</marc:subfield>
      </marc:datafield>
      <marc:datafield tag="880" ind1=" " ind2=" ">
         <marc:subfield code="6">260-04/r</marc:subfield>
         <marc:subfield code="a">&#x642;&#x645;&#x60C; &#x627;&#x64A;&#x631;&#x627;&#x646; :</marc:subfield>
         <marc:subfield code="b">&#x627;&#x644;&#x631;&#x636;&#x64A;&#x60C;</marc:subfield>
         <marc:subfield code="c">[198-]</marc:subfield>
      </marc:datafield>
      <marc:datafield tag="880" ind1=" " ind2=" ">
         <marc:subfield code="6">534-05/r</marc:subfield>
         <marc:subfield code="p">Reprint. Originally published:</marc:subfield>
         <marc:subfield code="c">&#x627;&#x644;&#x642;&#x627;&#x647;&#x631;&#x629;&#x60C; &#x645;&#x635;&#x631; : &#x645;&#x637;&#x628;&#x639;&#x629; &#x645;&#x635;&#x637;&#x641;&#x649; &#x627;&#x644;&#x628;&#x627;&#x628;&#x64A; &#x627;&#x644;&#x62D;&#x644;&#x628;&#x64A;&#x60C; 1939.</marc:subfield>
      </marc:datafield>
      <marc:datafield tag="880" ind1="1" ind2="0">
         <marc:subfield code="6">600-06/r</marc:subfield>
         <marc:subfield code="a">&#x627;&#x628;&#x646; &#x647;&#x634;&#x627;&#x645;&#x60C; &#x639;&#x628;&#x62F; &#x627;&#x644;&#x644;&#x647; &#x628;&#x646; &#x64A;&#x648;&#x633;&#x641;&#x60C;</marc:subfield>
         <marc:subfield code="d">1309-1360.</marc:subfield>
         <marc:subfield code="t">&#x642;&#x637;&#x631; &#x627;&#x644;&#x646;&#x62F;&#x649; &#x648;&#x628;&#x644; &#x627;&#x644;&#x635;&#x62F;&#x649;.</marc:subfield>
      </marc:datafield>
      <marc:datafield tag="880" ind1="1" ind2="4">
         <marc:subfield code="6">600-07/r</marc:subfield>
         <marc:subfield code="a">&#x627;&#x646;&#x628;&#x627;&#x628;&#x64A;&#x60C; &#x645;&#x62D;&#x645;&#x62F; &#x628;&#x646; &#x645;&#x62D;&#x645;&#x62F;&#x60C;</marc:subfield>
         <marc:subfield code="d">1824 or 1825-1895 or 1896.</marc:subfield>
         <marc:subfield code="t">&#x62A;&#x642;&#x631;&#x64A;&#x631; &#x639;&#x644;&#x649; &#x62D;&#x627;&#x634;&#x64A;&#x629; &#x627;&#x644;&#x633;&#x62C;&#x627;&#x639;&#x64A; &#x639;&#x644;&#x649; &#x634;&#x631;&#x62D; &#x627;&#x644;&#x642;&#x637;&#x631; &#x644;&#x627;&#x628;&#x646; &#x647;&#x634;&#x627;&#x645;.</marc:subfield>
      </marc:datafield>
      <marc:datafield tag="880" ind1="1" ind2="2">
         <marc:subfield code="6">700-08/r</marc:subfield>
         <marc:subfield code="a">&#x627;&#x646;&#x628;&#x627;&#x628;&#x64A;&#x60C; &#x645;&#x62D;&#x645;&#x62F; &#x628;&#x646; &#x645;&#x62D;&#x645;&#x62F;&#x60C;</marc:subfield>
         <marc:subfield code="d">1824 or 1825-1895 or 1896.</marc:subfield>
         <marc:subfield code="t">&#x62A;&#x642;&#x631;&#x64A;&#x631; &#x639;&#x644;&#x649; &#x62D;&#x627;&#x634;&#x64A;&#x629; &#x627;&#x644;&#x633;&#x62C;&#x627;&#x639;&#x64A; &#x639;&#x644;&#x649; &#x634;&#x631;&#x62D; &#x627;&#x644;&#x642;&#x637;&#x631; &#x644;&#x627;&#x628;&#x646; &#x647;&#x634;&#x627;&#x645;.</marc:subfield>
         <marc:subfield code="f">1980.</marc:subfield>
      </marc:datafield>
      <marc:datafield tag="880" ind1="0" ind2=" ">
         <marc:subfield code="6">740-09/r</marc:subfield>
         <marc:subfield code="a">&#x62A;&#x642;&#x631;&#x64A;&#x631; &#x639;&#x644;&#x649; &#x62D;&#x627;&#x634;&#x64A;&#x629; &#x627;&#x644;&#x633;&#x62C;&#x627;&#x639;&#x64A; &#x639;&#x644;&#x649; &#x634;&#x631;&#x62D; &#x627;&#x644;&#x642;&#x637;&#x631; &#x644;&#x627;&#x628;&#x646; &#x647;&#x634;&#x627;&#x645;.</marc:subfield>
      </marc:datafield>
      <marc:datafield tag="880" ind1="0" ind2=" ">
         <marc:subfield code="6">740-10/r</marc:subfield>
         <marc:subfield code="a">&#x62D;&#x627;&#x634;&#x64A;&#x629; &#x639;&#x644;&#x649; &#x634;&#x631;&#x62D; &#x62C;&#x645;&#x627;&#x644; &#x627;&#x644;&#x62F;&#x64A;&#x646; &#x627;&#x628;&#x64A; &#x645;&#x62D;&#x645;&#x62F; &#x639;&#x628;&#x62F; &#x627;&#x644;&#x644;&#x647; ...</marc:subfield>
      </marc:datafield>
      <marc:datafield tag="852" ind1="0" ind2=" ">
         <marc:subfield code="b">nec</marc:subfield>
         <marc:subfield code="h">PJ6101.I193</marc:subfield>
         <marc:subfield code="i">S853 1980z</marc:subfield>
         <marc:subfield code="p">436532</marc:subfield>
         <marc:subfield code="x">reclassed from: 2271.46.942 1980z</marc:subfield>
      </marc:datafield>
      <marc:datafield tag="998" ind1=" " ind2=" ">
         <marc:subfield code="a">07/02/91</marc:subfield>
         <marc:subfield code="s">9118</marc:subfield>
         <marc:subfield code="n">NjP</marc:subfield>
         <marc:subfield code="w">NJPG87B47466</marc:subfield>
         <marc:subfield code="d">09/28/87</marc:subfield>
         <marc:subfield code="c">JEB</marc:subfield>
         <marc:subfield code="b">JEB</marc:subfield>
         <marc:subfield code="i">910702</marc:subfield>
         <marc:subfield code="l">NJPG</marc:subfield>
      </marc:datafield>
      <marc:datafield tag="911" ind1=" " ind2=" ">
         <marc:subfield code="a">19921028</marc:subfield>
      </marc:datafield>
      <marc:datafield tag="912" ind1=" " ind2=" ">
         <marc:subfield code="a">19910702000000.0</marc:subfield>
      </marc:datafield>
      <marc:datafield tag="994" ind1=" " ind2=" ">
         <marc:subfield code="a">C0</marc:subfield>
         <marc:subfield code="b">PUL</marc:subfield>
      </marc:datafield>
      <marc:datafield tag="999" ind1=" " ind2=" ">
         <marc:subfield code="a">400395</marc:subfield>
      </marc:datafield>
   </marc:record>
</marc:collection>
